
###############################
#         homework-1
###############################

@article{林融冰2020,
  title={分布式光纤声波传感系统在近地表成像中的应用2: 背景噪声成像},
  author={林融冰 and 曾祥方 and 宋政宏 and 徐善辉 and 胡久鹏 and 孙天为 and 王宝善},
  journal={地球物理学报},
  volume={63},
  number={4},
  pages={1622--1629},
  year={2020}
}

@article{honda1957mechanism,
  title={The mechanism of the earthquakes.},
  author={Honda, Hirokichi},
  journal={Sci. Rep., Tohoku Univ.},
  number={9},
  pages={1--46},
  year={1957}
}


###############################
#         homework-2
###############################
@article{nakano1923notes,
  title={Notes on the nature of the forces which give to the earthquake motions. Seismol},
  author={Nakano, H},
  journal={Bull., CentralMeteorologicalObs., Japan},
  volume={1},
  number={92},
  pages={120},
  year={1923}
}

@article{陈颙2017,
  title={大陆地壳结构的气枪震源探测及其应用},
  author={陈颙 and 王宝善 and 姚华建},
  journal={中国科学: 地球科学},
  volume={47},
  number={10},
  pages={1153--1165},
  year={2017}
}